%% This BibTeX bibliography file was created using BibDesk.
%% https://bibdesk.sourceforge.io/

%% Created for Eric Hall at 2020-09-04 11:58:41 +0200 


%% Saved with string encoding Unicode (UTF-8) 



@book{DeGrootSchervish:2001ps,
	Author = {DeGroot, M and Schervish, M},
	Date-Added = {2020-07-02 14:22:37 +0200},
	Date-Modified = {2020-07-02 14:32:16 +0200},
	Edition = {3rd},
	Publisher = {Addison-Wesley},
	Title = {Probability and Statistics},
	Year = {2001},
	Bdsk-File-1 = {YnBsaXN0MDDSAQIDBFxyZWxhdGl2ZVBhdGhZYWxpYXNEYXRhXxBVLi4vLi4vaGFsdmFuL1N5bm9sb2d5RHJpdmUvQmlibGlvZ3JhcGh5L0RlR3Jvb3QvUHJvYmFiaWxpdHkgYW5kIFN0YXRpc3RpY3MgKDIwMDEpLnBkZk8RAd4AAAAAAd4AAgAADE1hY2ludG9zaCBIRAAAAAAAAAAAAAAAAAAAAAAAAABCRAAB/////x9Qcm9iYWJpbGl0eSBhbmQgU3QjRkZGRkZGRkYucGRmAAAAAAAAAAAAAAAAAAAAAAAAAAAAAAAAAAAAAAAAAAD/////AAAAAAAAAAAAAAAAAAIABQAACiBjdQAAAAAAAAAAAAAAAAAHRGVHcm9vdAAAAgBcLzpVc2VyczpoYWxsOmhhbHZhbjpTeW5vbG9neURyaXZlOkJpYmxpb2dyYXBoeTpEZUdyb290OlByb2JhYmlsaXR5IGFuZCBTdGF0aXN0aWNzICgyMDAxKS5wZGYADgBMACUAUAByAG8AYgBhAGIAaQBsAGkAdAB5ACAAYQBuAGQAIABTAHQAYQB0AGkAcwB0AGkAYwBzACAAKAAyADAAMAAxACkALgBwAGQAZgAPABoADABNAGEAYwBpAG4AdABvAHMAaAAgAEgARAASAFpVc2Vycy9oYWxsL2hhbHZhbi9TeW5vbG9neURyaXZlL0JpYmxpb2dyYXBoeS9EZUdyb290L1Byb2JhYmlsaXR5IGFuZCBTdGF0aXN0aWNzICgyMDAxKS5wZGYAEwABLwAAFQACAAv//wAAAAgADQAaACQAfAAAAAAAAAIBAAAAAAAAAAUAAAAAAAAAAAAAAAAAAAJe}}

@book{Devore:2016st,
	Author = {Devore, Jay L},
	Date-Added = {2020-08-17 13:12:24 +0200},
	Date-Modified = {2020-08-17 13:13:54 +0200},
	Edition = {9th},
	Keywords = {Probability, statistics},
	Publisher = {Cengage Learning},
	Title = {Probability and Statistics for Engineering and the Sciences},
	Year = {2016},
	Bdsk-File-1 = {YnBsaXN0MDDSAQIDBFxyZWxhdGl2ZVBhdGhZYWxpYXNEYXRhXxB1Li4vLi4vaGFsdmFuL1N5bm9sb2d5RHJpdmUvQmlibGlvZ3JhcGh5L0RlVm9yZS9Qcm9iYWJpbGl0eSBhbmQgU3RhdGlzdGljcyBmb3IgRW5naW5lZXJpbmcgYW5kIHRoZSBTY2llbmNlcyAoMjAxNSkucGRmTxECXgAAAAACXgACAAAMTWFjaW50b3NoIEhEAAAAAAAAAAAAAAAAAAAAAAAAAEJEAAH/////H1Byb2JhYmlsaXR5IGFuZCBTdCNGRkZGRkZGRi5wZGYAAAAAAAAAAAAAAAAAAAAAAAAAAAAAAAAAAAAAAAAAAP////8AAAAAAAAAAAAAAAAAAgAFAAAKIGN1AAAAAAAAAAAAAAAAAAZEZVZvcmUAAgB8LzpVc2VyczpoYWxsOmhhbHZhbjpTeW5vbG9neURyaXZlOkJpYmxpb2dyYXBoeTpEZVZvcmU6UHJvYmFiaWxpdHkgYW5kIFN0YXRpc3RpY3MgZm9yIEVuZ2luZWVyaW5nIGFuZCB0aGUgU2NpZW5jZXMgKDIwMTUpLnBkZgAOAI4ARgBQAHIAbwBiAGEAYgBpAGwAaQB0AHkAIABhAG4AZAAgAFMAdABhAHQAaQBzAHQAaQBjAHMAIABmAG8AcgAgAEUAbgBnAGkAbgBlAGUAcgBpAG4AZwAgAGEAbgBkACAAdABoAGUAIABTAGMAaQBlAG4AYwBlAHMAIAAoADIAMAAxADUAKQAuAHAAZABmAA8AGgAMAE0AYQBjAGkAbgB0AG8AcwBoACAASABEABIAelVzZXJzL2hhbGwvaGFsdmFuL1N5bm9sb2d5RHJpdmUvQmlibGlvZ3JhcGh5L0RlVm9yZS9Qcm9iYWJpbGl0eSBhbmQgU3RhdGlzdGljcyBmb3IgRW5naW5lZXJpbmcgYW5kIHRoZSBTY2llbmNlcyAoMjAxNSkucGRmABMAAS8AABUAAgAL//8AAAAIAA0AGgAkAJwAAAAAAAACAQAAAAAAAAAFAAAAAAAAAAAAAAAAAAAC/g==}}

@book{Spiegelhalter:2020ps,
	Address = {London},
	Author = {David J. Spiegelhalter},
	Date-Added = {2020-05-01 12:32:05 +0200},
	Date-Modified = {2020-05-01 12:36:12 +0200},
	Keywords = {statistics, popular science},
	Publisher = {Pelican Books},
	Title = {The {A}rt of {S}tatistics: {L}earning from {D}ata},
	Year = {2020}}

@book{WackerlyEtAl:2014ms,
	Author = {Wackerly, Dennis and Mendenhall, William and Scheaffer, Richard L},
	Date-Added = {2018-06-26 02:18:31 +0000},
	Date-Modified = {2018-06-26 02:18:45 +0000},
	Publisher = {Cengage Learning},
	Title = {Mathematical statistics with applications},
	Year = {2014},
	Bdsk-File-1 = {YnBsaXN0MDDSAQIDBFxyZWxhdGl2ZVBhdGhZYWxpYXNEYXRhXxBlLi4vLi4vaGFsdmFuL1N5bm9sb2d5RHJpdmUvQmlibGlvZ3JhcGh5L1dhY2tlcmx5L01hdGhlbWF0aWNhbCBzdGF0aXN0aWNzIHdpdGggYXBwbGljYXRpb25zICgyMDE0KS5wZGZPEQIcAAAAAAIcAAIAAAxNYWNpbnRvc2ggSEQAAAAAAAAAAAAAAAAAAAAAAAAAQkQAAf////8fTWF0aGVtYXRpY2FsIHN0YXRpI0ZGRkZGRkZGLnBkZgAAAAAAAAAAAAAAAAAAAAAAAAAAAAAAAAAAAAAAAAAA/////wAAAAAAAAAAAAAAAAACAAUAAAogY3UAAAAAAAAAAAAAAAAACFdhY2tlcmx5AAIAbC86VXNlcnM6aGFsbDpoYWx2YW46U3lub2xvZ3lEcml2ZTpCaWJsaW9ncmFwaHk6V2Fja2VybHk6TWF0aGVtYXRpY2FsIHN0YXRpc3RpY3Mgd2l0aCBhcHBsaWNhdGlvbnMgKDIwMTQpLnBkZgAOAGoANABNAGEAdABoAGUAbQBhAHQAaQBjAGEAbAAgAHMAdABhAHQAaQBzAHQAaQBjAHMAIAB3AGkAdABoACAAYQBwAHAAbABpAGMAYQB0AGkAbwBuAHMAIAAoADIAMAAxADQAKQAuAHAAZABmAA8AGgAMAE0AYQBjAGkAbgB0AG8AcwBoACAASABEABIAalVzZXJzL2hhbGwvaGFsdmFuL1N5bm9sb2d5RHJpdmUvQmlibGlvZ3JhcGh5L1dhY2tlcmx5L01hdGhlbWF0aWNhbCBzdGF0aXN0aWNzIHdpdGggYXBwbGljYXRpb25zICgyMDE0KS5wZGYAEwABLwAAFQACAAv//wAAAAgADQAaACQAjAAAAAAAAAIBAAAAAAAAAAUAAAAAAAAAAAAAAAAAAAKs}}

@book{Wasserman:2013as,
	Author = {Wasserman, Larry},
	Date-Added = {2017-08-01 14:43:21 +0000},
	Date-Modified = {2018-05-10 14:12:36 +0000},
	Doi = {10.1007/978-0-387-21736-9},
	Publisher = {Springer-Verlag, New York},
	Title = {All of {S}tatistics},
	Year = {2004},
	Bdsk-File-1 = {YnBsaXN0MDDSAQIDBFxyZWxhdGl2ZVBhdGhZYWxpYXNEYXRhXxBPLi4vLi4vaGFsdmFuL1N5bm9sb2d5RHJpdmUvQmlibGlvZ3JhcGh5L1dhc3Nlcm1hbi9BbGwgb2YgU3RhdGlzdGljcyAoMjAwNClhLnBkZk8RAcQAAAAAAcQAAgAADE1hY2ludG9zaCBIRAAAAAAAAAAAAAAAAAAAAAAAAABCRAAB/////x1BbGwgb2YgU3RhdGlzdGljcyAoMjAwNClhLnBkZgAAAAAAAAAAAAAAAAAAAAAAAAAAAAAAAAAAAAAAAAAAAAD/////AAAAAAAAAAAAAAAAAAIABQAACiBjdQAAAAAAAAAAAAAAAAAJV2Fzc2VybWFuAAACAFYvOlVzZXJzOmhhbGw6aGFsdmFuOlN5bm9sb2d5RHJpdmU6QmlibGlvZ3JhcGh5Oldhc3Nlcm1hbjpBbGwgb2YgU3RhdGlzdGljcyAoMjAwNClhLnBkZgAOADwAHQBBAGwAbAAgAG8AZgAgAFMAdABhAHQAaQBzAHQAaQBjAHMAIAAoADIAMAAwADQAKQBhAC4AcABkAGYADwAaAAwATQBhAGMAaQBuAHQAbwBzAGgAIABIAEQAEgBUVXNlcnMvaGFsbC9oYWx2YW4vU3lub2xvZ3lEcml2ZS9CaWJsaW9ncmFwaHkvV2Fzc2VybWFuL0FsbCBvZiBTdGF0aXN0aWNzICgyMDA0KWEucGRmABMAAS8AABUAAgAL//8AAAAIAA0AGgAkAHYAAAAAAAACAQAAAAAAAAAFAAAAAAAAAAAAAAAAAAACPg==},
	Bdsk-File-2 = {YnBsaXN0MDDSAQIDBFxyZWxhdGl2ZVBhdGhZYWxpYXNEYXRhXxBOLi4vLi4vaGFsdmFuL1N5bm9sb2d5RHJpdmUvQmlibGlvZ3JhcGh5L1dhc3Nlcm1hbi9BbGwgb2YgU3RhdGlzdGljcyAoMjAwNCkucGRmTxEBwgAAAAABwgACAAAMTWFjaW50b3NoIEhEAAAAAAAAAAAAAAAAAAAAAAAAAEJEAAH/////HEFsbCBvZiBTdGF0aXN0aWNzICgyMDA0KS5wZGYAAAAAAAAAAAAAAAAAAAAAAAAAAAAAAAAAAAAAAAAAAAAAAP////8AAAAAAAAAAAAAAAAAAgAFAAAKIGN1AAAAAAAAAAAAAAAAAAlXYXNzZXJtYW4AAAIAVS86VXNlcnM6aGFsbDpoYWx2YW46U3lub2xvZ3lEcml2ZTpCaWJsaW9ncmFwaHk6V2Fzc2VybWFuOkFsbCBvZiBTdGF0aXN0aWNzICgyMDA0KS5wZGYAAA4AOgAcAEEAbABsACAAbwBmACAAUwB0AGEAdABpAHMAdABpAGMAcwAgACgAMgAwADAANAApAC4AcABkAGYADwAaAAwATQBhAGMAaQBuAHQAbwBzAGgAIABIAEQAEgBTVXNlcnMvaGFsbC9oYWx2YW4vU3lub2xvZ3lEcml2ZS9CaWJsaW9ncmFwaHkvV2Fzc2VybWFuL0FsbCBvZiBTdGF0aXN0aWNzICgyMDA0KS5wZGYAABMAAS8AABUAAgAL//8AAAAIAA0AGgAkAHUAAAAAAAACAQAAAAAAAAAFAAAAAAAAAAAAAAAAAAACOw==},
	Bdsk-Url-1 = {http://dx.doi.org/10.1007/978-0-387-21736-9}}

@book{Wasserman:2006np,
	Author = {Wasserman, Larry Alan},
	Date-Added = {2018-06-06 20:31:54 +0000},
	Date-Modified = {2018-06-06 20:32:03 +0000},
	Publisher = {Springer},
	Title = {All of nonparametric statistics: with 52 illustrations},
	Year = {2006},
	Bdsk-File-1 = {YnBsaXN0MDDSAQIDBFxyZWxhdGl2ZVBhdGhZYWxpYXNEYXRhXxByLi4vLi4vaGFsdmFuL1N5bm9sb2d5RHJpdmUvQmlibGlvZ3JhcGh5L1dhc3Nlcm1hbi9BbGwgb2Ygbm9ucGFyYW1ldHJpYyBzdGF0aXN0aWNzIHdpdGggNTIgaWxsdXN0cmF0aW9ucyAoMjAwNikucGRmTxECUgAAAAACUgACAAAMTWFjaW50b3NoIEhEAAAAAAAAAAAAAAAAAAAAAAAAAEJEAAH/////H0FsbCBvZiBub25wYXJhbWV0ciNGRkZGRkZGRi5wZGYAAAAAAAAAAAAAAAAAAAAAAAAAAAAAAAAAAAAAAAAAAP////8AAAAAAAAAAAAAAAAAAgAFAAAKIGN1AAAAAAAAAAAAAAAAAAlXYXNzZXJtYW4AAAIAeS86VXNlcnM6aGFsbDpoYWx2YW46U3lub2xvZ3lEcml2ZTpCaWJsaW9ncmFwaHk6V2Fzc2VybWFuOkFsbCBvZiBub25wYXJhbWV0cmljIHN0YXRpc3RpY3Mgd2l0aCA1MiBpbGx1c3RyYXRpb25zICgyMDA2KS5wZGYAAA4AggBAAEEAbABsACAAbwBmACAAbgBvAG4AcABhAHIAYQBtAGUAdAByAGkAYwAgAHMAdABhAHQAaQBzAHQAaQBjAHMAIAB3AGkAdABoACAANQAyACAAaQBsAGwAdQBzAHQAcgBhAHQAaQBvAG4AcwAgACgAMgAwADAANgApAC4AcABkAGYADwAaAAwATQBhAGMAaQBuAHQAbwBzAGgAIABIAEQAEgB3VXNlcnMvaGFsbC9oYWx2YW4vU3lub2xvZ3lEcml2ZS9CaWJsaW9ncmFwaHkvV2Fzc2VybWFuL0FsbCBvZiBub25wYXJhbWV0cmljIHN0YXRpc3RpY3Mgd2l0aCA1MiBpbGx1c3RyYXRpb25zICgyMDA2KS5wZGYAABMAAS8AABUAAgAL//8AAAAIAA0AGgAkAJkAAAAAAAACAQAAAAAAAAAFAAAAAAAAAAAAAAAAAAAC7w==}}

@comment{BibDesk Static Groups{
<?xml version="1.0" encoding="UTF-8"?>
<!DOCTYPE plist PUBLIC "-//Apple//DTD PLIST 1.0//EN" "http://www.apple.com/DTDs/PropertyList-1.0.dtd">
<plist version="1.0">
<array>
	<dict>
		<key>group name</key>
		<string>2019researchstatement</string>
		<key>keys</key>
		<string>DAKOTA:2009man,AinsworthOden:1997,BaczewskiBond:2013ni,BainCrisan:2009,BangerthRannacher:2003,BayerFrizGatheral:2016rv,BayerHallTempone:2019,DupuisChowdhary:2013ae,DemboZeitouni:2010ld,DupuisEllis:1997ld,DupuisEtAl:2015ps,ErikssonEtAl:1995,GourgouliasEtAl:2016sp,Hall:2012,Hall:2013,Hall:2013th,Halletal:2016sc,Halletal:2016uq,HallKatsoulakis:2018hd,HeltonPilch:2011qmu,HoelHappolaTempone:2016aa,KollerFriedman:2009gm,KomorowskiEtAl:2011sa,Lecoux:2005cm,LysyEtAl:2016cm,MajdaEtAl:2005im,MajdaGershgorin:2010qu,Massart:2007ci,Neuenkirch:2016ob,OwhadiEtAl:2013uq,Pearl:2009ci,Pearl:2014ai,RaissiPerdikarisKarniadakis:2019pinns,Smith:2013uq,SwischukEtAl:2019pm,TalayTubaro:1990,Tropp:2015ci,UmHallEtAl:2019bn</string>
	</dict>
	<dict>
		<key>group name</key>
		<string>Dundee - EPSRC New Hor</string>
		<key>keys</key>
		<string>MingGuillas:2019gp,Giles:2008,Balokas:2018nn,TripathyBilionis:2018uq,RaissiPerdikarisKarniadakis:2019pinns,ZhangLuGuoKarniadakis:2019uq,JinLuTangKarniadakis:2019aa,ZhangGuoKarniadakis:2019aa,SwischukEtAl:2019pm,SalmanidouHeidarzadehGuillas:2019se,Haji-AliNobileTempone:2016mi,Tf:2015-whitepaper,Pearl:2016ci,Pearl:2014ai,Pearl:2009ci,KollerFriedman:2009gm,UN:2019,LauAdamsGirolami:2018dc,Angelikopoulos:2012uq,Tf:2016,Pt:2019</string>
	</dict>
	<dict>
		<key>group name</key>
		<string>Dundee - MA22004</string>
		<key>keys</key>
		<string>Spiegelhalter:2020ps,Wasserman:2013as,Wasserman:2006np,Devore:2016st,DeGrootSchervish:2001ps,WackerlyEtAl:2014ms</string>
	</dict>
	<dict>
		<key>group name</key>
		<string>Edinburgh - Thesis</string>
		<key>keys</key>
		<string>Auzinger:1991,Zakai:1969,Brezinski:2000,MalliavinThalmaier:2003,BainCrisan:2009,Thomee:1969,Richardson:1911,Goncalves:2007,Joyce:1971,KrylovRozovskii:1982,GyongyKrylov:2006ac,BuschEtAl:1975,KrylovRozovskii:1977,Strang:1963,KaratzasShreve:1991,LambertonLapeyre:2008,GyongyMillet:2009rc,BurkholderDavisGundy:1972,Richardson:1923,KreissWu:1994,Chen:2006,Sidi:2003,GyongyMillet:2005,GyongyKrylov:2010as,BarlesDaherRomano:1995,Kunita:1981,Krylov:1996,Strang:1964,LawsonMorris:1978,GourlayMorris:1980,MarchukShaidurov:1983,GyongyKrylov:2006pe,KloedenPlatenHofmann:1995,DavieGaines:2001,RichtmyerMorton:1967,GyongyKrylov:1992,GyongyMillet:2007,Hausenblas:2003,GyongyKrylov:2005su,Evans:2002,RichardsonGaunt:1927,Pardoux:1975,Hackbusch:1977,Turkel:1977,Yoo:1998th,Pardoux:1979,Pardoux:1975th,DongKrylov:2005,Thomee:1966,Widlund:1965,Krylov:1999,Hackbusch:1977ap,Shardlow:1999,GourlayMorris:1983,Krylov:2008,Schwartz:1977,MortonMayers:1994,GyongyKrylov:2003,GyongyKrylov:2010,JentzenKloeden:2009,TalayTubaro:1990,Rozovskii:1990,Gyongy:2011,GyongyKrylov:2006pc,GyongyKrylov:2011,Adams:1975,Strikwerda:2004,Krylov:2002,Yoo:2000,BrennanSchwartz:1978,Lions:1969</string>
	</dict>
	<dict>
		<key>group name</key>
		<string>ICERM narrative</string>
		<key>keys</key>
		<string>AndersonEtAl:2015gw,Dagan1989:ft,Ewing:1983rs,Halletal:2016sc,ErnstEtAl:2012pc,CliffeGilesScheichlTeckentrup:2011,ChristieBlunt:2001sp,BayerEtAl:2015bo,HoelHappolaTempone:2016aa,SukysEtAl:2012lb</string>
	</dict>
	<dict>
		<key>group name</key>
		<string>KTH - computable estimates rPDE</string>
		<key>keys</key>
		<string>BabuskaRheinboldt:1978ee,BangerthRannacher:2003,Charrier:2012,KaratzasShreve:1991,AinsworthOden:1997,BabuskaChatzipantelidis:2002,Wan:2010,Giles:2008,BabuskaRheinboldt:1981ap,HoeksemaKitanidis1985,DebBabuskaOden:2001,BabuskaNobileTempone:2007,BabuskaTemponeZouraris:2004,GrahamScheichlUllmann:2013aa,GilesSuli:2002,Babuska:1971,DaganNeuman:2005,Delhomme:1979,BarthSchwabZollinger:2011,MoonEtAl:2006,LototskyRozovskiiWan:2010,AsmussenGlynn:2007,GalvisSarkis:2009,Gittelson:2010,HoelHappolaTempone:2014aa,WanRozovskii:2013,MuglerStarkloff:2011,FrauenfelderSchwabTodor:2005,CliffeGilesScheichlTeckentrup:2011,TeckentrupEtAl:2013,EigelMerdon:2014,DaganEtAl:2006,Dagan:1986,Babuska:1971sn,Gittelson:2013,LoggMardalWells:2012,SzepessyTemponeZouraris:2001,CollierEtAl:2014,MatthiesKeese:2005,Dagan:2005,CharrierScheichlTeckentrup:2013,ScottBrenner:2008,Fernique:1975,ErikssonEtAl:1995,EigelEtAl:2014</string>
	</dict>
	<dict>
		<key>group name</key>
		<string>KTH - Langevin rate</string>
		<key>keys</key>
		<string>MattinglyStuartHigham:2002,Lubich:2008,Nelson:1967,LeimkuhlerMatthewsStoltz:2015,LeimkuhlerMatthews:2013,Schlick:2010md,LeimkuhlerMatthews:2015md,CoffeyKalmykov:2012le,PavliotisStuart:2008ms,PavliotisPokernStuart:2012pe,Kurtz:1973lt,KramerMajda:2003,Shardlow:2003sp,Szepessy:2006,Nualart:2006,FrenkelSmit:2001,Zwanzig:2001ne,EspanolWarren:1995sm,Tuckerman:2010sm,AllenTildesley:1989cs,Freidlin2004:sm,Pavliotis:2014sp</string>
	</dict>
	<dict>
		<key>group name</key>
		<string>KTH - rpde adaptive mlmc</string>
		<key>keys</key>
		<string>RueHeld:2005,Sun:2015ml</string>
	</dict>
	<dict>
		<key>group name</key>
		<string>NSF DMS 2017</string>
		<key>keys</key>
		<string>HallKatsoulakis:2018hd,DupuisChowdhary:2013ae,OberkampfEtAl:2004cp,Helton:1994uq,HoffmanHammonds:1994pu,Rowe:1994uu,FersonGinzburg:1996uq,Hora:1996ae,Parry:1996uq,PateCornell:1996uq,DupuisEllis:1997ld,RasmussenWilliams:2006gp,DupuisEtAl:2015ps,AtarChowdharyDupuis:2015rd,GourgouliasEtAl:2017aa,HarmandarisEtAl:2016vi,GourgouliasEtAl:2016sp,MajdaEtAl:2005im,MajdaGershgorin:2010qu,KomorowskiEtAl:2011sa,Halletal:2016uq,AndersonEtAl:2015gw,Ewing:1983rs,AarnesEtAl:2009ms,Dagan1989:ft,LiXiu:2012fp,KatsoulakisEtAl:2017sc,LiQiXiu:2014uq,DidierEtAl:2012sc,Dudley:2002pr,ArampatzisEtAl:2015lr,GivensShortt:1984wm,Durner:1994hc,McLaughlinTownley:1996ip,Halletal:2016sc,HoelHappolaTempone:2016aa,BurnhamAnderson:2002ms,BleiKucukelbirMcAuliffe:2017vi,WainwrightJordan:2008ef,Bishop:2006ml,Ellis:2006ed,Seeger:2000vi,ChaimovichShell:2010re,RudzinskiNoid:2011cg,KatsoulakisPlechac:2013cg,AtkinsonEtAl:2007xd,MajdaGershgorin:2011sa,PantazisKatsoulakis:2013re,SaltelliEtAl:2008gs,Smith:2013uq,DAKOTA:2009man,GlassermanXu:2014rm,Lam:2016sa,BattiatoTartakovsky:2011pm,Hornung:2012pm,Whitaker:2013va,ZhangEtAl:2015od,ZhangTartakovsky:2017od,ZhangTartakovsky:2017np,Wasserman:2013as,DemboZeitouni:2010ld</string>
	</dict>
	<dict>
		<key>group name</key>
		<string>PIMS - Probability 2010</string>
		<key>keys</key>
		<string>PeresLevinWilmer:2009,Peres:2010</string>
	</dict>
	<dict>
		<key>group name</key>
		<string>Princeton - Summer Analysis 2008</string>
		<key>keys</key>
		<string>Cannone:2003,FriedlanderPavlovic:2006,CannoneMeyer:1995,Cannone:1997,Fefferman:2000,Tao:2007</string>
	</dict>
	<dict>
		<key>group name</key>
		<string>Research statement 2014</string>
		<key>keys</key>
		<string>KloedenPlatenHofmann:1995,Charrier:2012,Schlick:2010,TalayTubaro:1990,FrenkelSmit:2001,Lubich:2008,Crisan:2002,DavieGaines:2001,GobetPagesPhamPrintems:2006,Delhomme:1979,KramerMajda:2003,Kunita:1982,GalvisSarkis:2009,LototskyRozovskiiWan:2010,GyongyKrylov:2010,Gittelson:2010,Gyongy:2011,PetrenkoMeller:2010,WanRozovskii:2013,Kunita:1981,MuglerStarkloff:2011,Hall:2012,CliffeGilesScheichlTeckentrup:2011,KrylovRozovskii:1982,Dagan:1986,EigelMerdon:2014,DaganEtAl:2006,TeckentrupEtAl:2013,Pardoux:1979,Gittelson:2013,Hall:2013,MalliavinThalmaier:2003,Dagan:2005,CharrierScheichlTeckentrup:2013,Nelson:1967,Zakai:1969</string>
	</dict>
	<dict>
		<key>group name</key>
		<string>Research statement 2016</string>
		<key>keys</key>
		<string>HallSzepessy:inprep,Hall:2012,Hall:2013,Hall:2013th,DupuisEtAl:2015ps,DupuisChowdhary:2013ae,KramerMajda:2003,Nelson:1967,Dudley:2002pr,ArampatzisEtAl:2015lr,GivensShortt:1984wm,ArampatzisEtAl:2012pm,ArampatzisEtAl:2014pp,GyongyKrylov:2003</string>
	</dict>
	<dict>
		<key>group name</key>
		<string>Research statement 2017</string>
		<key>keys</key>
		<string>ArampatzisEtAl:2015lr,DidierEtAl:2012sc,Dudley:2002pr,DupuisEllis:1997ld,Durner:1994hc,EspanolWarren:2017dpd,GivensShortt:1984wm,Hall:2012,Hall:2013th,Hall:2013,Halletal:2016sc,Halletal:2016uq,HallSzepessy:inprep,HoelHappolaTempone:2016aa,HallKatsoulakis:2018hd,KomorowskiEtAl:2011sa,KramerMajda:2003,MajdaEtAl:2005im,MajdaGershgorin:2010qu,McLaughlinTownley:1996ip,Nelson:1967,OberkampfEtAl:2004cp</string>
	</dict>
	<dict>
		<key>group name</key>
		<string>RWTH - adaptive MLMC rPDE</string>
		<key>keys</key>
		<string>CharrierScheichlTeckentrup:2013,TeckentrupEtAl:2013,BarthStein:2018jd,EigelEtAl:2014,EigelEtAl:2016mc,DetommasoDodwellScheichl:2019ml,BespalovRocchi:2018aa,ScarabosioEtAl:2018arxiv,BabuskaNobileTempone:2007,BabuskaTemponeZouraris:2004,BabuskaTemponeZouraris:2005uq,BabuskaCalozOsborn:1994,BarthSchwabZollinger:2011,CliffeGilesScheichlTeckentrup:2011,BabuskaOsborn:1983ge</string>
	</dict>
	<dict>
		<key>group name</key>
		<string>RWTH - GINNs and MISI</string>
		<key>keys</key>
		<string>HeckermanGeigerChickering:1995ml,HastieFriedmanTibshirani:2001ml,Neapolitan:2004ml,ChengEtAl:2002ml,Bishop:2006ml,ZhaoHastie:2019bb,ZengXiaTonh:2018mi,CoverThomas:2006in,KinneyAtwal:2014pn,EfronStein:1981jk,UmHallEtAl:2019bn,ZhangTartakovsky:2017np,Tf:2015-whitepaper,Pearl:2009ci,Pearl:2014ai,WainwrightJordan:2008ef,KollerFriedman:2009gm,Soofi:1994if,Sobol:1993sa,HommaSaltelli:1996im,MaraEtAl:2015np,Rahman:2016fs,SaltelliEtAl:2008gs,PantazisEtAl:2013rn,PantazisKatsoulakis:2013re,KomorowskiEtAl:2011sa,MajdaGershgorin:2011sa,MajdaGershgorin:2010qu,ChunEtAl:2000im,Borgonovo:2006uq,LiuEtAl:2006re,Borgonovo:2007sa,LiuHomma:2009uq,CastaingsEtAl:2012sa,VetterTaflanidis:2012sa,LudtkeEtAl:2008sa,Critchfield:1986sa,Wasserman:2006np,Rosenblatt:1976ks,Chen:2017ks,Moon:1995ks,GoldsteinSpiegelhalter:1996rs,GoldsteinHealy:1995re,WolfeHanley:2002aa,VerbruggeLiu:2005ed,RaissiPerdikarisKarniadakis:2019pinns,TripathyBilionis:2018uq,Balokas:2018nn,ZhangGuoKarniadakis:2019aa,JinLuTangKarniadakis:2019aa,ZhangLuGuoKarniadakis:2019uq,Taverniers:2015ml,LauAdamsGirolami:2018dc,BotevGrotowskiKroese:2010kd,Pearl:2016ci,Motamed:2019nn,YingEtAl:2002ag,ZhangEtAl:2015od,LingTartakovskyBattiato:2016dc,FrangosMarzoukWilcoxEtAl:2010sm,EldredEtAl:2004sm,DanielsNemenman:2015aa,SunEtAl:2020sm,ZhuZabaras:2018nn,HallTaverniersEtAl:2020aa,GoldsteinEtAl:2015bb,Friedman:2001gb,ZhuZabarasEtAl:2019pc,McGill:1954mi,Bell:2003mi,Efron:1981ci,BelghaziEtAl:2018mi,KrishnamurthyEtAl:2014rd,KraskovEtAl:2004mi,Pt:2019,GoodfellowEtAl:2016dl,IoossPrieur:2019se,LiEtAl:2020sc,BleiKucukelbirMcAuliffe:2017vi,BurnhamAnderson:2002ms,Paninski:2003mi,AntosKontoyiannis:2001cp,HallKatsoulakis:2018hd,StrumbeljKononenko:2010bb,StrumbeljKononenko:2011bb,Soffer:1972sc,Narayanan:2016sc,Nomura:2019sc,Wang:2019sc,Beguin:2013sc,KandasamyEtAl:2015vm</string>
	</dict>
	<dict>
		<key>group name</key>
		<string>RWTH - MFO numerical homogenization</string>
		<key>keys</key>
		<string>Peterseim:2016ms,KornhuberPeterseim:2018ms,Owhadi:2017ms</string>
	</dict>
	<dict>
		<key>group name</key>
		<string>RWTH - rough Bergomi</string>
		<key>keys</key>
		<string>TalayTubaro:1989ex,BayerFrizGatheral:2016rv,GrahamTalay:2013,Nierste:2018ma,CarmonaCoutin:1998bm,Bayer:2018aa,HarmsStefanovits:2019fp,Muravlev:2011bm,CarmonaCoutinMontseny:2000gp,ComteCoutinRenault:2012vm,MandelbrotVanNess:1968fbm,Neuenkirch:2016ob,Harms:2019rb,GraversenPeskir:2000ou,GatheralEtAl:2018vr,SzepessyTemponeZouraris:2001,Sauer:2012,DahlquistBjorck:2008,Dupire_2019,Simon:2006gd,BayerEtAl:2019st,Huntley:2020rv,Rey-Bellet:2006oc,Halletal:2016uq,DidierEtAl:2012sc,BayerEtAl:2020rb,BayerEtAl:2020rs,BennedsenLundePakkanen:2016sv,TalayTubaro:1990,RomanoTouzi:1997sv,HorvathJacquierMuguruza:2019aa,BennedsenLundePakkanen:2017hs,JacquierOumgari:2019sv,ElEuchRosenbaum:2019rh,FukasawaTakabatakeWestphal:2019aa</string>
	</dict>
	<dict>
		<key>group name</key>
		<string>Trefethen's List of Classics</string>
		<key>keys</key>
		<string>Karmarkar:1984,FletcherPowell:1963,CourantFriedrichsLewy:1967,deBoor:1972,WannerHairerNorsett:1978,Courant:1943,CurtissHirschfelder:1952,Brandt:1977,HestenesStiefel:1952,Householder:1958,CooleyTukey:1965,GolubKahan:1965,GreengardRokhlin:1987</string>
	</dict>
	<dict>
		<key>group name</key>
		<string>UMass - CG GLE</string>
		<key>keys</key>
		<string>KatsoulakisPlechac:2013cg</string>
	</dict>
	<dict>
		<key>group name</key>
		<string>UMass - conservative design</string>
		<key>keys</key>
		<string>OwhadiEtAl:2013uq,LucasOwhadiOrtiz:2008uq,DemboZeitouni:2010ld,Massart:2007ci,Tropp:2015ci,Wainwright:2019hd,Lecoux:2005cm,KatsoulakisEtAl:2017sc,HanTaoEtAl:2015uq,KidaneEtAl:2012pe</string>
	</dict>
	<dict>
		<key>group name</key>
		<string>UMass - Graph mods Darcy</string>
		<key>keys</key>
		<string>Rosenblatt:1952rt,DupuisChowdhary:2013ae,HallKatsoulakis:2018hd,ZhangEtAl:2015od,KollerFriedman:2009gm,Bishop:2006ml,Wasserman:2013as,scipy:daft,IoossPrieur:2018se,IoossLemaitre:2015rg,SaltelliTarantola:2002ri,MaraEtAl:2015np,OwenPrieur:2017sv,TorreEtAl:2017aa,Rahman:2016fs,UmZhangKatsoulakisEtAl:2017aa,ArunachalamEtAl:2015li,BattiatoTartakovsky:2011ar,Hornung:2012pm,Whitaker:2013va,SchmuckBazant:2015hm,ZhangTartakovsky:2017od,Mikelic2017:pm,KorneevBattiato:2016sh,Smith:2013uq,ZhangTartakovsky:2017np,DAKOTA:2009man,Xiu:2010nm,GhanemSpanos:1991pc,LeMaitreKnio:2010sm,Rahman:2011sa,BotevGrotowskiKroese:2010kd,BaringhausFranz:2004tt,LiuEtAl:2006re,VetterTaflanidis:2012sa,LiuHomma:2009uq,SaltelliEtAl:2008gs,Sobol:1993sa,HommaSaltelli:1996im,Csiszar:1967fd,AliSilvey:1966fd,LieseVajda:2006it,BleiKucukelbirMcAuliffe:2017vi,BorgonovoEtAl:2014sa,Soofi:1994if,DaVeiga:2015sa,Borgonovo:2007sa,KraskovEtAl:2004mi,Paninski:2003mi,AntosKontoyiannis:2001cp,LudtkeEtAl:2008sa,Borgonovo:2006uq,ChunEtAl:2000im,CastaingsEtAl:2012sa,ParkEtAl:1994sa,CoverThomas:2006in,EngquistSouganidis:2008hm,WainwrightJordan:2008ef,BurnhamAnderson:2002ms,NavarroEtAl:2014aa,PaulsonEtAl:2017pc</string>
	</dict>
	<dict>
		<key>group name</key>
		<string>UMass - Graph mods Darcy poster</string>
		<key>keys</key>
		<string>ZhangTartakovsky:2017np,UmZhangKatsoulakisEtAl:2017aa,UmHallEtAl:2019bn,DAKOTA:2009man,ZhangEtAl:2015od,ZhangTartakovsky:2017od,NavarroEtAl:2014aa</string>
	</dict>
	<dict>
		<key>group name</key>
		<string>UMass - GSA for PI PGMs</string>
		<key>keys</key>
		<string>Gomez:2014sb,Laskey:1995sb,MalhasAlAghbari:2008sb,ChanDarwiche:2004sb,ChanDarwiche:2005sb,CastilloKjaerulff:2003sb,VanErvenHarremos:2014rd,Chan2005:sb,KjaerulffMadsen:2008bn,NielsenJensen:2009bn,LudtkeEtAl:2008sa,UmHallEtAl:2019bn,KomorowskiEtAl:2011sa,SaltelliEtAl:2000sa,SaltelliEtAl:2008gs,SaltelliEtAl:2000sb,CoverThomas:2006in,Soofi:1994if,PantazisKatsoulakis:2013re,PantazisEtAl:2013rn,MajdaGershgorin:2011sa,MajdaGershgorin:2010qu,ChunEtAl:2000im,Borgonovo:2006uq,LiuEtAl:2006re,LiuHomma:2009uq,Borgonovo:2007sa,CastaingsEtAl:2012sa,Rahman:2016fs,ParkEtAl:1994sa,VetterTaflanidis:2012sa,Sobol:1993sa,HommaSaltelli:1996im,UmZhangKatsoulakisEtAl:2017aa,DAKOTA:2009man</string>
	</dict>
	<dict>
		<key>group name</key>
		<string>UMass - info theory &amp; num meth</string>
		<key>keys</key>
		<string>SzepessyTemponeZouraris:2001,MattinglyStuartTretyakov:2010ta</string>
	</dict>
	<dict>
		<key>group name</key>
		<string>UMass - model-form uncertainty</string>
		<key>keys</key>
		<string>XiaoEtAL:2017rm,XiaoEtAl:2016qr,KennedyOHagan:2001bc,EmoryLarssonIaccarino:2013ns</string>
	</dict>
	<dict>
		<key>group name</key>
		<string>UMass - UQ for GLE</string>
		<key>keys</key>
		<string>FournieEtAl:2001ii,ArampatzisEtAl:2015as,AllenTildesley:1989cs,ChenGlasserman:2007ma,PantazisKatsoulakis:2013re,SheppardEtAl:2013spsens,BouchardEtAl:2004ma,Nualart:2006,TsourtisEtAl:2015,Goychuk:2012ve,ArampatzisEtAl:2015pw,LeimkuhlerMatthews:2015md,RathinamEtAl:2010sa,IkedaWatanabe:1989,PantazisEtAl:2013rn,SaltelliEtAl:2000sb,LiEtAl:2015mz,ArampatzisKatsoulakis:2014go,FournieEtAl:1999oi,DespositoVinales:2009sb,SrivastavaEtAl:2013cp,KouSie:2004fg,LysyEtAl:2016cm,Oksendal:2003,DupuisEtAl:2015ps,CoffeyKalmykov:2012le,Anderson:2012fd,Glynn:1990lr,Glasserman:2003mc,WolfAnderson:2015hy,BaczewskiBond:2013ni,OttobrePavliotis:2011aa,DidierEtAl:2012sc,CeriottiEtAl:2011ac,SaltelliEtAl:2008gs,Zwanzig:2001ne,ArampatzisEtAl:2015lr,VinalesDesposito:2006ad,SaltelliEtAl:2000sa,MorroneEtAl:2011mt,CeriottiEtAl:2010cn,CeriottiEtAl:2010et,CeriottiEtAl:2009qe,StellaEtAl:2014gl,CeriottiEtAl:2009lc,Kantorovich:2008oi,KantorovichRompotis:2008ii,DarveEtAl:2009co,MasonWeitz:1995ve,HijonEtAl:2010mz,ChorinStinis:2007me,NessEtAl:2016ne,NessEtAl:2015ap,Morris:1991fs,CampolongoEtAl:2007sa,Rey-Bellet:2006oc,HairerMajda:2010rt,AssarafEtAl:2015sa,CiccottiJacucci:1975dc,StoddardFord:1973ne,WarrenAllen:2012mw,LEcuyer:1992cr,LEcuyerPerron:1994cr,BeylkinMonzon:2005ap,BeylkinMonzon:2010ae,PottsTasche:2010pe,KunisEtAl:2016mv,Nelson:1967,Glynn:1989ws,BoyleEtAl:1997sp,GlassermanYao:1992gg,LubelskiEtAl:2008ne,ZazanisSuri:1993or,AsmussenGlynn:2007,BenHammoudaEtAl:2016ml</string>
	</dict>
	<dict>
		<key>group name</key>
		<string>UMass - UQ for rPDE</string>
		<key>keys</key>
		<string>DupuisEtAl:2015ps,DupuisChowdhary:2013ae,DupuisEllis:1997ld,AbramowitzStegun:1964hb,RasmussenWilliams:2006gp,GilEtAl:2013rd,MajdaGershgorin:2010qu,ArampatzisEtAl:2015as,LieseVajda:2007sd,PantazisKatsoulakis:2013re,Halletal:2016sc,Halletal:2016uq,DemboZeitouni:2010ld,CliffeGilesScheichlTeckentrup:2011,ChristieBlunt:2001sp,ErnstEtAl:2012pc,Dagan:1986,McLaughlinTownley:1996ip,Durner:1994hc,AarnesEtAl:2009ms,AndersonEtAl:2015gw,Ewing:1983rs,Dagan1989:ft,Ellis:2006ed,DaganNeuman:2005,SchlatherEtAl:2015rf,LelievreRoussetStoltz:2010fe,LeMaitreKnio:2010sm,HuangEtAl:2001kl,SoizeGhanem:2004pc,EngquistEtAl:2009:ms,SongEtAl:2008gm,KomorowskiEtAl:2011sa,Richards:1992bg,MortonEtAl:1992bg,RueHeld:2005,LiXiu:2012fp,HarmandarisEtAl:2016vi,AtarChowdharyDupuis:2015rd,TsourtisEtAl:2015,KatsoulakisEtAl:2017sc,GourgouliasEtAl:2016sp,LiQiXiu:2014uq,Charrier:2012,CharrierScheichlTeckentrup:2013,GelfandEtAl:2010hb,OberkampfEtAl:2004cp,PateCornell:1996uq,Parry:1996uq,FersonGinzburg:1996uq,Hora:1996ae,HoffmanHammonds:1994pu,Helton:1994uq,Rowe:1994uu,MatthiesKeese:2005,BabuskaNobileTempone:2007,Glasserman:2003mc,GlassermanYao:1992gg,GourgouliasEtAl:2017aa,CoverThomas:2006in,Tsybakov:2009np,Wasserman:2013as,NRC:1994ra,Tartakovsky2013:rv,OwhadiEtAl:2013uq,DohertyHunt:2010ap,Ben-TalGhaouiNemirovski:2009ro,BurnhamAnderson:2002ms,BoucheronEtAl:2013ci,DuchiJordanWainwright:2013lp</string>
	</dict>
	<dict>
		<key>group name</key>
		<string>UMass - UQ for rPDE poster</string>
		<key>keys</key>
		<string>DupuisChowdhary:2013ae,HallKatsoulakis:2018hd,ChristieBlunt:2001sp</string>
	</dict>
</array>
</plist>
}}

@comment{BibDesk Smart Groups{
<?xml version="1.0" encoding="UTF-8"?>
<!DOCTYPE plist PUBLIC "-//Apple//DTD PLIST 1.0//EN" "http://www.apple.com/DTDs/PropertyList-1.0.dtd">
<plist version="1.0">
<array>
	<dict>
		<key>conditions</key>
		<array>
			<dict>
				<key>comparison</key>
				<integer>2</integer>
				<key>key</key>
				<string>Any Field</string>
				<key>value</key>
				<string>arXiv</string>
				<key>version</key>
				<string>1</string>
			</dict>
		</array>
		<key>conjunction</key>
		<integer>0</integer>
		<key>group name</key>
		<string>arXiv</string>
	</dict>
	<dict>
		<key>conditions</key>
		<array>
			<dict>
				<key>comparison</key>
				<integer>2</integer>
				<key>key</key>
				<string>Author</string>
				<key>value</key>
				<string>Eric J. Hall</string>
				<key>version</key>
				<string>1</string>
			</dict>
			<dict>
				<key>comparison</key>
				<integer>2</integer>
				<key>key</key>
				<string>Author</string>
				<key>value</key>
				<string>Eric Joseph Hall</string>
				<key>version</key>
				<string>1</string>
			</dict>
		</array>
		<key>conjunction</key>
		<integer>1</integer>
		<key>group name</key>
		<string>Hall</string>
	</dict>
	<dict>
		<key>conditions</key>
		<array>
			<dict>
				<key>comparison</key>
				<integer>2</integer>
				<key>key</key>
				<string>Any Field</string>
				<key>value</key>
				<string>lecture notes</string>
				<key>version</key>
				<string>1</string>
			</dict>
		</array>
		<key>conjunction</key>
		<integer>0</integer>
		<key>group name</key>
		<string>lecture notes</string>
	</dict>
	<dict>
		<key>conditions</key>
		<array>
			<dict>
				<key>comparison</key>
				<integer>2</integer>
				<key>key</key>
				<string>BibTeX Type</string>
				<key>value</key>
				<string>book</string>
				<key>version</key>
				<string>1</string>
			</dict>
			<dict>
				<key>comparison</key>
				<integer>2</integer>
				<key>key</key>
				<string>BibTeX Type</string>
				<key>value</key>
				<string>incollection</string>
				<key>version</key>
				<string>1</string>
			</dict>
			<dict>
				<key>comparison</key>
				<integer>2</integer>
				<key>key</key>
				<string>Keywords</string>
				<key>value</key>
				<string>Notes</string>
				<key>version</key>
				<string>1</string>
			</dict>
		</array>
		<key>conjunction</key>
		<integer>1</integer>
		<key>group name</key>
		<string>reference books</string>
	</dict>
</array>
</plist>
}}
